@misc{ug230,
    author    = "Xilinx",
    title     = "Spartan-3E FPGA Starter Kit Board User Guide",
    url       = "https://www.xilinx.com/support/documentation/boards_and_kits/ug230.pdf"
}

@misc{zsk,
	author    = "dr inż Jarosław Sugier",
	title     = "Strona zestawu Spartan-3E",
	url       = "http://www.zsk.ict.pwr.wroc.pl/zsk_ftp/fpga/"
}

@misc{ug230,
	author    = "Craig Stuart",
	title     = "Microsoft WAVE soundfile format",
	url       = "http://soundfile.sapp.org/doc/WaveFormat/"
}