% https://www.latex-tutorial.com/tutorials/bibtex/
@manual{ug230,
    author    		= "Xilinx",
    title     		= "Spartan-3E FPGA Starter Kit Board User Guide",
    howpublished   	= "https://www.xilinx.com/support/documentation/boards\_and\_kits/ug230.pdf"
}

@misc{zsk,
	author    		= "dr inż Jarosław Sugier",
	title     		= "Strona zestawu Spartan-3E",
	howpublished   	= "http://www.zsk.ict.pwr.wroc.pl/zsk\_ftp/fpga/"
}

@misc{wave,
	author    		= "Craig Stuart",
	title     		= "Microsoft WAVE soundfile format",
	howpublished    = "http://soundfile.sapp.org/doc/WaveFormat/"
}